@book{ninguem2022curioso,
    author = {Senhor Ninguem},
    title = {O curioso caso do livro que ninguém escreveu},
    publisher = {Editora Fantasia},
    address = {Terra do Nunca},
    year = {2024},
    note = {Acessado em: 09 jan. 2024.}
}

@article{alguem2022nada,
  title={Nada de interessante},
  author={Seu Alguem},
  journal={Desconhecido},
  volume={1},
  number={1},
  pages={1--10},
  year={2022},
  publisher={Editora Imaginação},
  note={Acessado em : 09 mar. 2023.}
}

@misc{alvaron:2024,
  author = {alvaron},
  title = {Empresas que não têm sites perdem muitos clientes para concorrentes},
  month = {Fevereiro},
  year = {2024},
  url={https://alvaron.com.br/empresas-que-nao-tem-sites-perdem-muitos-clientes-para-concorrentes/},
  note={Acessado em: 01 fev. 2024.}
}

 @BOOK{oliveira_SO2009,
    author = {Oliveira, R{\^o}mulo Silva de and CARISSIMI, Alexandre da S. and TOSCANI, Sim{\~a}o S.},
    title = {Sistemas Operacionais},
    publisher = {UFRGS},
    year={2009},
    volume={4 ed},
    pages={370},
    url={https://integrada.minhabiblioteca.com.br/#/books/9788577806874/},
    note={Acessado em : 09 mar. 2023.}
 }

 @misc{Dhionson:2024,
   author = {Dhionson Plaster Moreira},
   title = {Configurando o Banco de Teste H2 em seu Projeto Spring Boot - Parte 2},
   month = {Fevereiro},
   year = {2024},
   url={https://www.linkedin.com/pulse/configurando-o-banco-de-teste-h2-em-seu-projeto-boot-plaster-moreira/},
   note={Acessado em: 10 abr. 2024.}
 }
